@misc{website:agile-process,
      author = "Don Wells",
      title = "Agile Software Development: A gentle introduction",
      howpublished = {\url{http://www.agile-process.org}}
},
@misc{website:Cal-Poly,
      author = "Steven C. McConnell",
      title = "Software Project Management Plan (SPMP) template",
      howpublished = {\url{http://users.csc.calpoly.edu/~jdalbey/205/Mgmt/SPMP.html}}
},
@misc{website:skribl,
      author = "Douglas Horemans",
      title = "SKRIBL",
      howpublished = {\url{http://skribl.tk}}
},
@techreport{Xtreport:organisatie,
    author    = "Ragnhild an Der Straeten and Jens Nicolay",
    title     = "Organisatie van het project",
    institution = "Vrije Universiteit Brussel",
    %op website skribl zetten
    %howpublished = {\url{http://skribl.tk}}
},
@misc{note:author,
      note = "Alle versies worden nagekeken door de Document Manager"}
},