@techreport{Xtreport:organisatie,
    author    = "R. van Der Straeten,  J. Nicolay",
    title     = "Organisatie van het project",
    institution = "Vrije Universiteit Brussel",
    %op website skribl zetten
    %howpublished = {\url{http://skribl.tk}}
},
@techreport{Xtreport:SPMP,
    author    = "SE4\_1415",
    title     = "Software Project Management Plan",
    institution = "Vrije Universiteit Brussel",
    %op website skribl zetten
    %howpublished = {\url{http://skribl.tk}}
},
@misc{note:author,
      note = "Alle versies worden nagekeken door de Document Manager"}
}