
@misc{website:skribl,
      author = "Douglas Horemans",
      title = "SKRIBL",
      howpublished = {\url{http://skribl.tk}}
},

@techreport{Xtreport:SRS,
    title     = "Software Requirements Specification",
    institution = "SKRIBL",
    howpublished = {\url{http://wilma.vub.ac.be/~se4_1415/pdf/srs.pdf}}
},

@misc{website:IEEE,
    author = "Sarah North",
    title = "Software Design Document (SDD) Template",
    howpublished = {\url{http://cs.kennesaw.edu/snorth/CS_SE/SDD_Template.pdf}}
},

@misc{website:Swagger,
    Title = "Swagger 2.0",
    howpublished = {\url{http://swagger.io/}}
},

@misc{website:AngularJS,
    Title = "AngularJS",
    howpublished = {\url{https://angularjs.org/}}
},

@misc{website:NodeJS,
    Title = "Node.js",
    howpublished = {\url{http://nodejs.org/}}
},

@misc{website:ExpressJS,  
  Title  = "Express",
  howpublished  = {\url{http://www.expressjs.com}}
},

@misc{website:Oriento,
    Title = "Oriento",
    howpublished = {\url{https://github.com/codemix/oriento}}
},

@misc{website:OrientDB,
    Title = "OrientDB",
    howpublished = {\url{http://www.orientechnologies.com/orientdb}}
    institution = "Orient Technologies",
},

@techreport{Xtreport:SPMP,
    title     = "Software Project Management Plan",
    institution = "SKRIBL",
    howpubished = {\url{http://wilma.vub.ac.be/~se4_1415/pdf/spmp.pdf}}
},

@misc{website:cheerio,
     title = "Cheerio.js",
     howpublished = {\url{https://github.com/cheeriojs/cheerio}}
},

@misc{website:material,
    title = "Material Design",
    howpublished = {\url{http://www.google.com/design/spec/material-design}},
    institution = "Google Inc."
}

@Book{gadamer,
 author    = "Gadamer",
 title     = "De actualiteit van het schone",
 publisher = "Uitgeverij Booom",
 year      =  1977,
 address   = "Amsterdam"
}

@misc{website:materialize,
    title = "Materializecss",
    howpublished = {\url{http://materializecss.com/}},
    institution = "materialize"
}


